<?xml version="1.0" encoding="UTF-8"?><collection xmlns="http://www.loc.gov/MARC21/slim"><record><leader>00370nam--2200133-i-4500</leader><controlfield tag="001">000019291</controlfield><controlfield tag="002">20161230</controlfield><controlfield tag="005">20161230201033</controlfield><controlfield tag="008">060222s1000------------r-----000-0-eng-d</controlfield><datafield ind1=" " ind2=" " tag="080"><subfield code="a">621.317</subfield></datafield><datafield ind1=" " ind2=" " tag="100"><subfield code="a">Ebert, Joachim Und Jurres, Eckard</subfield></datafield><datafield ind1=" " ind2=" " tag="245"><subfield code="a">Digitale messtechnik</subfield></datafield><datafield ind1=" " ind2=" " tag="260"><subfield code="a">Berlin, Veb Verlag Technik, 1971.  168 P. Mit 186 Bildern Und 14 Tafeln</subfield></datafield><datafield ind1=" " ind2=" " tag="852"><subfield code="a">35705</subfield></datafield></record></collection>